@Article{Alois(1998),
	author = {},
	title = {},
	journal   = {},
	volume    = {},
	number = {},
	year      = {},
	pages     = {},
	doi = {}
}

@Article{Alois(2003),
	author = {Mallinckrodt CH, Sanger TM, Dubé S, DeBrota DJ, Molenberghs G, Carroll RJ,
Potter WZ, Tollefson GD.},
	title = {Assessing and interpreting treatment effects in
longitudinal clinical trials with missing data},
	journal   = {Biological Psychiatry },
	volume    = {53},
	number = {},
	year      = {2003},
	pages     = {754-760},
	doi = {}
}


@Article{Mallinckrodt_etal(2001),
	author = {Mallinckrodt, C. H. and Clark, W. S. and David, S. R.},
	title = {Accounting for dropout bias using
mixed-effects models},
	journal   = {Journal of Biopharmaceutical Statistics},
	volume    = {11},
	number = {},
	year      = {2001},
	pages     = {9-21},
	doi = {}
}



@Article{Liang_Zeger(1986),
	author = {Liang, K.-Y. and Zeger, S. L. },
	title = {Longitudinal data analysis using generalized linear models},
	journal   = {Biometrika},
	volume    = {73},
	number = {},
	year      = {1986},
	pages     = {13-22},
	doi = {}
}

@book{Diggle_Liang_Zeger(1994),
	author = {Diggle, P. and Liang, K.-Y. and and Zeger, S. L.},
	title = {Analysis of Longitudinal Data},
	publisher   = {Oxford
University Press},
	address    = {New York},
	year ={1994}
}

@Article{Liu_Liang(1997),
	author = {Liu, G. and Liang, K. Y.},
	title = {Sample size calculations for studies with correlated observations},
	journal   = {Biometrics},
	volume    = {53},
	number = {3},
	year      = {1997},
	pages     = {937-47},
	doi = {}
}


@Article{Wang_Gelfand(2002),
	author = {Wang, F. and Gelfand, A. E. },
	title = {A simulation-based approach to Bayesian sample size determination for performance
under a given model and for separating models},
	journal   = {Statistical Science},
	volume    = {17},
	number = {2},
	year      = {2002},
	pages     = {193–208},
	doi = {}
}

@Article{Williams_Ebel_Wagner(2007),
	author = {Williams, M. S. and Ebel, E. D. and Wagner, B. A.},
	title = {Monte Carlo approaches for determining power and sample size in
low-prevalence applications},
	journal   = {Preventive Veterinary Medicine},
	volume    = {82},
	number = {1},
	year      = {2007},
	pages     = {151–158},
	doi = {doi:10.1016/j.prevetmed.2007.05.015}
}


@Article{Jung_Ahn(2003),
	author = {Jung, S. H. and Ahn, C.},
	title = {Sample size estimation for GEE method for comparing slopes
in repeated measures data},
	journal   = {Statistics in Medicine},
	volume    = {22},
	number = {},
	year      = {2003},
	pages     = {1305–1315},
	doi = {}
}

@Article{Guo_Johnson(1996),
	author = {Guo, X., Johnson, W. D. },
	title = {Sample size for experiments with multi-variate repeated
measures},
	journal   = {J. Biopharmaceutical Statistics},
	volume    = {6},
	number = {},
	year      = {1996},
	pages     = {155–176},
	doi = {}
}

@Article{Yan_Su(2006),
	author = {Yan, X. and Su, X.},
	title = {Sample Size Determination for Clinical Trials in
Patients with Nonlinear Disease Progression},
	journal   = {Journal of Biopharmaceutical Statistics},
	volume    = {16},
	number = {1},
	year      = {2006},
	pages     = {91-105},
	doi = {10.1080/10543400500406579}
}

@Article{Lui(1992),
	author = {Lui, K. J.},
	title = {Sample size requirement for repeated measurements in continuous data},
	journal   = {Statistics in Medicine},
	volume    = {11},
	number = {},
	year      = {1992},
	pages     = {633–641},
	doi = {}
}

@Article{Lu_Luo_Chen(2008),
	author = {Lu, K. and Luo, X. and Chen, P.},
	title = {Sample size estimation for repeated measures analysis in randomized clinical trials with
missing data},
	journal   = {The International Journal of Biostatistics },
	volume    = {4},
	number = {1},
	year      = {2008},
	pages     = {Article 9},
	doi = {}
}

@Article{Vonesh_Schork(1986),
	author = {Vonesh, E. F. and Schork, M. A.},
	title = {Sample sizes in multivariate analysis of repeated measurements},
	journal   = {Biometrics},
	volume    = {42},
	number = {},
	year      = {1986},
	pages     = {601–610},
	doi = {}
}

@Article{Liu_Shih_Gehan(2002),
	author = {Liu, A. and Shih, W. J. and Gehan, E.},
	title = {Sample size and power determination for clustered repeated measurements},
	journal   = {Statistics
in Medicine},
	volume    = {21},
	number = {},
	year      = {2002},
	pages     = {1787–1801},
	doi = {https://doi.org/10.1002/sim.1154.}
}

@Article{Lefante(1990),
	author = {Lefante, J. J.},
	title = {The power to detect differences in average rates of change in longitudinal studies},
	journal   = {Statistics in
Medicine},
	volume    = {9},
	number = {},
	year      = {1990},
	pages     = {437–446},
	doi = {}
}

@Article{Overall_Doyle(1994),
	author = {Overall, J. E. and Doyle, S. R.},
	title = {Estimating sample size for repeated measurement designs},
	journal   = {Controlled Clinical Trials},
	volume    = {15},
	number = {},
	year      = {1994},
	pages     = {100–123},
	doi = {}
}


@Article{Roy_etal(2007),
	author = {Roy, A. and Bhaumik, D. K. and Aryal, S. and Gibbons R. D.},
	title = {Sample size determination for hierarchical longitudinal designs
with differential attrition rates},
	journal   = {Biometrics},
	volume    = {63},
	number = {},
	year      = {2007},
	pages     = {699–707},
	doi = {https://doi.org/10.1111/j.1541-0420.2007.00769.x.}
}

@Article{Rochon(1998),
	author = {Rochon, J.},
	title = {Application of GEE procedures for sample size calculations in repeated measures experiments},
	journal   = {Statistics
in Medicine},
	volume    = {17},
	number = {},
	year      = {1998},
	pages     = {1643–1658},
	doi = {}
}




@Article{Rochon(1991),
	author = {Rochon, J.},
	title = {Sample size calculations for two-group repeated-measures experiments},
	journal   = {Biometrics},
	volume    = {47},
	number = {},
	year      = {1991},
	pages     = {1383–1398},
	doi = {}
}

@Article{Yan_Su(2006),
	author = {Yan, X. and Su, X.},
	title = {Sample size determination for clinical trials in patients with nonlinear disease progression},
	journal   = {Journal of Biopharmaceutical Statistics},
	volume    = {16},
	number = {},
	year      = {2006},
	pages     = {91–105},
	doi = {https://doi.org/10.1080/10543400500406579}
}


@Article{Lu_Methrotra_Liu(2009),
	author = {Lu, K. and Mehrotra, D. V. and Liu, G.},
	title = {Sample size determination for constrained longitudinal data analysis},
	journal   = {Statist. Med.},
	volume    = {28},
	number = {},
	year      = {2009},
	pages     = {679–699},
	doi = {}
}


@Article{Guo_etal(2013),
	author = {Guo, Y. and Logan, H.L. and Glueck, D.H. et al.},
	title = {Selecting a sample size for studies with repeated measures},
	journal   = {BMC Med Res Methodol},
	volume    = {13},
	number = {},
	year      = {2013},
	pages     = {100},
	doi ={https://doi.org/10.1186/1471-2288-13-100}
}

@Article{Basagana_Liao_Spiegelman(2013),
	author = {Basagaña, X. and Liao, X. and Spiegelman, D.},
	title = {Power and sample size calculations for longitudinal studies estimating a main effect of a time-varying exposure},
	journal   = {Statistical methods in medical research},
	volume    = {20},
	number = {},
	year      = {2011},
	pages     = {5},
	doi ={471–487. https://doi.org/10.1177/0962280210371563}
}


@Article{Pan_etal(2018),
	author = {Pan, H. and Liu, S. and Miao, D. and {et al}},
	title = {Sample size determination for mediation analysis of longitudinal data},
	journal   = {BMC Med Res Methodol},
	volume    = {18},
	number = {},
	year      = {2018},
	pages     = {32},
	doi={https://doi.org/10.1186/s12874-018-0473-2}
}







@Manual{Hmisc,
    title = {Hmisc: Harrell Miscellaneous},
    author = {Frank E {Harrell Jr}},
    year = {2016},
    note = {R package version 3.17-4},
    url = {https://CRAN.R-project.org/package=Hmisc},
}
